Untuk setiap referensi, baris pertama (Newton1687) merupakan label dan baris-baris berikutnya
merupakan atribut dari referensi yang akan digunakan. Umumnya, format referensi berikut sudah
disediakan oleh penyedia sumber referensi secara online dan bisa langsung digunakan di sini.

Lihat https://www.bibtex.com/g/bibtex-format/ untuk informasi lebih lanjut mengenai format
BibTex yang digunakan pada file ini.


@incollection{NehaSharma,
  author    = {Neha Sharma and Madhavi Shamkuwar and Sakthi Kumaresh and Inderjit Singh and Amol Goje},
  booktitle = {Blockchain for Smart Cities},
  editor    = {Saravanan Krishnan and Valentina Emilia Balas and E. Golden Julie and Y. Harold Robinson and Raghvendra Kumar},
  pages     = {183-210},
  publisher = {Elsevier},
  title     = {Chapter 10 - Introduction to blockchain and distributed systems---fundamental theories and concepts},
  year      = {2021}
}

@masterthesis{IdaBagus,
  author  = {Ida Bagus Ananta Wijaya},
  title   = {ETHER WALLET MENGGUNAKAN ETHEREUM BERBASIS MULTI SIGNATURE},
  year    = {2022}
}

@article{YohanHwang,
  author  = {Yohan Hwang},
  journal = {Philosophiæ Naturalis Principia Mathematica},
  title   = {When makers meet the metaverse: Effects of creating NFT metaverse exhibition in maker education},
  year    = {2021}
}

@online{FabianVogelsteller,
  author  = {Fabian Vogelsteller},
  title   = {EIP-20: Token Standard},
  year    = 2015,
  url     = {https://eips.ethereum.org/EIPS/eip-20},
  urldate = {2015-11-19}
}

@online{WilliamEntriken,
  author  = {William Entriken},
  title   = {EIP-721: Non-Fungible Token Standard},
  year    = 2018,
  url     = {https://eips.ethereum.org/EIPS/eip-20},
  urldate = {2018-01-24}
}

@online{WitekRadomski,
  author  = {Witek Radomski},
  title   = {EIP-1155: Multi Token Standard},
  year    = 2018,
  url     = {https://eips.ethereum.org/EIPS/eip-1155},
  urldate = {2018-06-17}
}

@online{BillyRennekamp,
  author  = {Billy Rennekamp},
  title   = {EIP-1633: Re-Fungible Token Standard (RFT)},
  year    = 2018,
  url     = {https://eips.ethereum.org/EIPS/eip-1633},
  urldate = {2018-11-18}
}

@online{Anders,
  author  = {Anders},
  title   = {EIP-4907: Rental NFT, an Extension of EIP-721},
  year    = 2022,
  url     = {https://eips.ethereum.org/EIPS/eip-4907},
  urldate = {2022-03-11}
}

@misc{SpaceXBlueprint,
  title   = {Space X Blueprint},
  year    = 2021,
  url     = {https://id.pinterest.com/pin/344032859037191430/},
  urldate = {2021-01-26}
}

@inproceedings{MathisSteichen,
  author    = {Steichen, Mathis and Fiz, Beltran and Norvill, Robert and Shbair, Wazen and State, Radu},
  booktitle = {2018 IEEE International Conference on Internet of Things (iThings) and IEEE Green Computing and Communications (GreenCom) and IEEE Cyber, Physical and Social Computing (CPSCom) and IEEE Smart Data (SmartData)},
  title     = {Blockchain-Based, Decentralized Access Control for IPFS},
  year      = {2018},
  volume    = {},
  number    = {},
  pages     = {1499-1506},
  doi       = {10.1109/Cybermatics_2018.2018.00253}
}

  @misc{Remix,
  title   = {Remix},
  year    = 2021,
  url     = {https://id.pinterest.com/pin/344032859037191430/},
  urldate = {2021-01-26}
}

@book{DouglasTjokrostetio,
  title     = {The Complete Guide to Blockchain},
  author    = {Tjokrosetio, Douglas},
  year      = 2022,
  publisher = {Tempo Publishing},
  address   = {Jakarta}
}

@inproceedings{SerranoWill,
  author = {Serrano, Will},
  year   = {2022},
  month  = {03},
  pages  = {81-87},
  title  = {Real Estate Tokenisation via Non Fungible Tokens},
  doi    = {10.1145/3532640.3532651}
}

@article{BakerBradley,
  author  = {Baker, Bradley and Pizzo, Anthony and Su, Yiran},
  year    = {2022},
  month   = {03},
  pages   = {},
  title   = {Non-Fungible Tokens: A Research Primer and Implications for Sport Management},
  volume  = {3},
  journal = {Sports Innovation Journal},
  doi     = {10.18060/25636}
}


@incollection{MelanieSwan,
  author    = {Melanie Swan},
  booktitle = {Blockchain Technology: Platforms, Tools and Use Cases},
  editor    = {Pethuru Raj and Ganesh Chandra Deka},
  pages     = {121-162},
  publisher = {Elsevier},
  series    = {Advances in Computers},
  title     = {Chapter Five - Blockchain for Business: Next-Generation Enterprise Artificial Intelligence Systems},
  volume    = {111},
  year      = {2018}
}

@incollection{LouiseAxon,
  author    = {Louise Axon and Michael Goldsmith and Sadie Creese},
  booktitle = {Blockchain Technology: Platforms, Tools and Use Cases},
  editor    = {Pethuru Raj and Ganesh Chandra Deka},
  pages     = {229-278},
  publisher = {Elsevier},
  series    = {Advances in Computers},
  title     = {Chapter Eight - Privacy Requirements in Cybersecurity Applications of Blockchain},
  volume    = {111},
  year      = {2018}
}

@article{PierluigiFreni,
  author  = {Pierluigi Freni and Enrico Ferro and Roberto Moncada},
  journal = {Blockchain: Research and Applications},
  number  = {1},
  pages   = {100069},
  title   = {Tokenomics and blockchain tokens: A design-oriented morphological framework},
  volume  = {3},
  year    = {2022}
}

@article{NavarroBlazquez,
  author = {Navarro Blazquez, Ignacio},
  year   = {2022},
  month  = {02},
  pages  = {},
  title  = {NFTs. The upcoming revolution of ownership}
}

@book{antonopoulos2018mastering,
  title={Mastering Ethereum: Building Smart Contracts and DApps},
  author={Antonopoulos, A.M. and Wood, G. and Wood, G.},
  isbn={9781491971949},
  lccn={2018277266},
  url={https://books.google.co.id/books?id=SedSMQAACAAJ},
  year={2018},
  publisher={O'Reilly Media, Incorporated}
}

@inbook{LiangYiangBlockchainDynamicSpectrum,
author = {Liang, Ying-Chang},
year = {2020},
month = {01},
pages = {121-146},
title = {Blockchain for Dynamic Spectrum Management},
isbn = {978-981-15-0775-5},
doi = {10.1007/978-981-15-0776-2_5}
}

@inproceedings{JokicStevo,
author = {Jokić, Stevo and Cvetković, Aleksandar Sandro and Adamović, Saša and Ristić, Nenad and Spalević, Petar},
year = {2019},
month = {10},
pages = {},
title = {Comparative analysis of cryptocurrency wallets vs traditional wallets},
volume = {65},
journal = {Ekonomika},
doi = {10.5937/ekonomika1903065J}
}

@article{BahgaArshdeep,
author = {Bahga, Arshdeep and Madisetti, Vijay},
year = {2016},
month = {01},
pages = {533-546},
title = {Blockchain Platform for Industrial Internet of Things},
volume = {09},
journal = {Journal of Software Engineering and Applications},
doi = {10.4236/jsea.2016.910036}
}

@book{DannenChris,
author = {Dannen, Chris},
year = {2017},
month = {01},
pages = {},
title = {Introducing Ethereum and Solidity},
isbn = {978-1-4842-2534-9},
journal = {Introducing Ethereum and Solidity: Foundations of Cryptocurrency and Blockchain Programming for Beginners},
doi = {10.1007/978-1-4842-2535-6}
}

@book{PrustyBuilding,
  title={Building Blockchain Projects},
  author={Prusty, N.},
  isbn={9781787122147},
  url={https://books.google.co.id/books?id=oq1EvgAACAAJ},
  year={2017},
  publisher={Packt Publishing}
}
